@inproceedings{Paulius2016learning,
  title={Functional object-oriented network for manipulation learning},
  author={Paulius, David and Huang, Yongqiang and Milton, Roger and Buchanan, William and Sam, Jeanine  and Yu Sun},
  booktitle={Proceeding of the IEEE/RSJ International Conference on Intelligent Robots and Systems (IROS)},
  pages={2655--2662},
  year={2016}
}

@comment{com,memo="人の注ぎスキルを模倣",}
@inproceedings{yamaguchi2014learning,
  title={Learning pouring skills from demonstration and practice},
  author={Yamaguchi, Akihiko and Atkeson, Christopher G and Niekum, Scott and Ogasawara, Tsukasa},
  booktitle={Proceeding of the IEEE-RAS International Conference on Humanoid Robots (HUMANOIDS)},  
  pages={908--915},
  year={2014}
  %   organization={IEEE},
}


@comment{com,memo="熱画像と色画像を用いて注ぎ量を推定",}
@inproceedings{schenck2017visual,
  title={Visual closed-loop control for pouring liquids},
  author={Schenck, Connor and Fox, Dieter},
  booktitle={Proceeding of the IEEE International Conference on Robotics and Automation (ICRA)},
  pages={2629--2636},
  year={2017}
  %   organization={IEEE},
}

@comment{com,memo="注ぐカップのモデルを自動的に作成",}
@inproceedings{brandi2014generalizing,
  title={Generalizing pouring actions between objects using warped parameters},
  author={Brandi, Sascha and Kroemer, Oliver and Peters, Jan},
  booktitle={Proceeding of the IEEE-RAS International Conference on Humanoid Robots (HUMANOIDS)},
  pages={616--621},
  year={2014}
  %   organization={IEEE},
}

@comment{com,memo="指先の力覚センサと物体の重心を基に把持力を調整する手法",}
@inproceedings{kaboli2016tactile,
  title={Tactile-based manipulation of deformable objects with dynamic center of mass},
  author={Kaboli, Mohsen and Yao, Kunpeng and Cheng, Gordon},
  booktitle={Proceeding of the IEEE-RAS International Conference on Humanoid Robots (HUMANOIDS)},
  pages={752--757},
  year={2016}
}

@comment{com,memo="物体の変形に順応したロボットハンドの制御手法",}
@article{delgado2017tactile,
  title={Tactile control based on Gaussian images and its application in bi-manual manipulation of deformable objects},
  author={Delgado, Angel and Corrales, Juan Antonio and Mezouar, Youcef and Lequievre, Laurent and Jara, Carlos and Torres, Fernando},
  journal={Robotics and Autonomous Systems},
  volume={94},
  pages={148--161},
  year={2017}
  %   publisher={Elsevier},
}

@article{rimon1999caging,
  title={Caging planar bodies by one-parameter two-fingered gripping systems},
  author={Rimon, Elon and Blake, Andrew},
  journal={The International Journal of Robotics Research},
  volume={18},
  number={3},
  pages={299--318},
  year={1999}
%   publisher={SAGE Publications}
}

@comment{com,memo="重力を考慮したケージング手法",}
@article{mahler2016energy,
  title={Energy-bounded caging: Formal definition and 2-D energy lower bound algorithm based on weighted alpha shapes},
  author={Mahler, Jeffrey and Pokorny, Florian T and McCarthy, Zoe and van der Stappen, A Frank and Goldberg, Ken},
  journal={IEEE Robotics and Automation Letters},
  volume={1},
  number={1},
  pages={508--515},
  year={2016}
%   publisher={IEEE}
}

@comment{com,memo="柔軟物体に対する首部を利用したケージング",}
@article{varava2016caging,
  title={Caging Grasps of Rigid and Partially Deformable 3-D Objects With Double Fork and Neck Features},
  author={Varava, Anastasiia and Kragic, Danica and Pokorny, Florian T},
  journal={IEEE Transactions on Robotics},
  volume={32},
  number={6},
  pages={1479--1497},
  year={2016}
}

@comment{com,memo="滑りを予測する．双腕を用いている",}
@inproceedings{bekiroglu2013predicting,
  title={Predicting slippage and learning manipulation affordances through gaussian process regression},
  author={Bekiroglu, Yasem and Smith, Christian and Karayiannidis, Yiannis and Kragic, Danica and others},
  booktitle={Proceeding of the IEEE-RAS International Conference on Humanoid Robots (HUMANOIDS)},
  pages={462--468},
  year={2013}
%   organization={IEEE}
}

@comment{com,memo="指先スキン型の触覚センサを開発",}
@article{tomo2018covering,
  title={Covering a robot fingertip with uSkin: A soft electronic skin with distributed 3-axis force sensitive elements for robot hands},
  author={Tomo, Tito Pradhono and Schmitz, Alexander and Wong, Wai Keat and Kristanto, Harris and Somlor, Sophon and Hwang, Jinsun and Jamone, Lorenzo and Sugano, Shigeki},
  journal={IEEE Robotics and Automation Letters},
  volume={3},
  number={1},
  pages={124--131},
  year={2018}
%   publisher={IEEE}
}

@comment{com,memo="物体認識のためのエンドエフェクタの姿勢について",}
@inproceedings{zhang2017active,
  title={Active end-effector pose selection for tactile object recognition through Monte Carlo tree search},
  author={Zhang, Mabel M and Atanasov, Nikolay and Daniilidis, Kostas},
  booktitle={Proceeding of the IEEE/RSJ International Conference on Intelligent Robots and Systems (IROS)},
  pages={3258--3265},
  year={2017}
%   organization={IEEE}
}

@comment{com,memo="物体認識のための視覚触覚融合",}
@article{liu2017visual,
  title={Visual-tactile fusion for object recognition},
  author={Liu, Huaping and Yu, Yuanlong and Sun, Fuchun and Gu, Jason},
  journal={in Proceeding of the IEEE Transactions on Automation Science and Engineering},
  volume={14},
  number={2},
  pages={996--1008},
  year={2017}
%   publisher={IEEE}
}

@comment{com,memo="注ぎ込み動作を人間の動作から学習する ",}
@inproceedings{pastor2009learning,
  title={Learning and generalization of motor skills by learning from demonstration},
  author={Pastor, Peter and Hoffmann, Heiko and Asfour, Tamim and Schaal, Stefan},
  booktitle={Proceeding of the IEEE International Conference on Robotics and Automation (ICRA)},
  pages={763--768},
  year={2009}
%   organization={IEEE}
}

@comment{com,memo="ガウス混合モデルを使用して注ぎ動作軌道 ",}
@inproceedings{muhlig2009task,
  title={Task-level imitation learning using variance-based movement optimization},
  author={Muhlig, Manuel and Gienger, Michael and Hellbach, Sven and Steil, Jochen J and Goerick, Christian},
  booktitle={Proceeding of the IEEE International Conference on Robotics and Automation (ICRA)},
  pages={1177--1184},
  year={2009}
%   organization={IEEE}
}

@comment{com,memo="強化学習を用いて異なるオブジェクト間の注ぎ動作一般化 ",}
@inproceedings{kroemer2012kernel,
  title={A kernel-based approach to direct action perception},
  author={Kroemer, Oliver and Ugur, Emre and Oztop, Erhan and Peters, Jan},
  booktitle={Proceeding of the IEEE International Conference on Robotics and Automation (ICRA)},
  pages={2605--2610},
  year={2012}
%   organization={IEEE}
}

@comment{com,memo="強化学習を用いて異なるオブジェクト間の注ぎ動作一般化 ",}
@article{tamosiunaite2011learning,
  title={Learning to pour with a robot arm combining goal and shape learning for dynamic movement primitives},
  author={Minija Tamosiunaite, Bojan Nemec, Aleš Ude, Florentin Wörgötter},
  journal={Robotics and Autonomous Systems},
  volume={59},
  number={11},
  pages={910--922},
  year={2011}
%   publisher={Elsevier}
}

@comment{com,memo="双腕ロボットのサーベイ論文",}
@article{smith2012dual,
  title={Dual arm manipulation—A survey},
  author={Smith, Christian and Karayiannidis, Yiannis and Nalpantidis, Lazaros and Gratal, Xavi and Qi, Peng and Dimarogonas, Dimos V and Kragic, Danica},
  journal={Robotics and Autonomous systems},
  volume={60},
  number={10},
  pages={1340--1353},
  year={2012}
%   publisher={Elsevier}
}


@inproceedings{Monroe2017Precise,
  title={Precise dispensing of liquids using visual feedback},
  author={Kennedy, Monroe and Queen, Kendall and Thakur, Dinesh and Daniilidis, Kostas and Kumar, Vijay},
  booktitle={Proceeding of the IEEE/RSJ International Conference on Intelligent Robots and Systems (IROS)},
  pages={1260--1266},
  year={2017}
%   organization={IEEE}
}

@inproceedings{Tsuji2014highprecision,
  title={High-precision Pouring Control Using Online Model Parameters Identification in Automatic Pouring Robot with Cylindrical Ladle},
  author={Tsuji, Takaaki and Noda, Yoshiyuki},
  booktitle={Proceeding of the IEEE International Conference on Systems Man and Cybernetics (SMC)},
  pages={2563--2568},
  year={2014}
%   organization={IEEE}
}


@article{dahiya2010tactile,
  title={Tactile sensing from humans to humanoids},
  author={Dahiya, Ravinder S and Metta, Giorgio and Valle, Maurizio and Sandini, Giulio},
  journal={IEEE transactions on robotics},
  volume={26},
  number={1},
  pages={1--20},
  year={2010}
%   publisher={IEEE}
}

@article{Recent2017Huaping,
  author = {Huaping Liu and Yupei Wu and Fuchun Sun and Di Guo},
  title ={Recent progress on tactile object recognition},
  journal = {International Journal of Advanced Robotic Systems},
  volume = {14},
  number = {4},
  year = {2017}
}


@inproceedings{von2017textile,
  title={Textile identification using fingertip motion and 3D force sensors in an open-source gripper},
  author={von Drigalski, Felix and Gall, Marcus and Cho, Sung-Gwi and Ding, Ming and Takamatsu, Jun and Ogasawara, Tsukasa and Asfour, Tamim},
  booktitle={Proceeding of the IEEE International Conference on Robotics and Biomimetics (ROBIO)},
  pages={424--429},
  year={2017}
%   organization={IEEE}
}


@inproceedings{yao2017tactile,
  title={Tactile-based object center of mass exploration and discrimination},
  author={Yao, Kunpeng and Kaboli, Mohsen and Cheng, Gordon},
  booktitle={Proceeding of the IEEE-RAS International Conference on Humanoid Robots (HUMANOIDS)},
  pages={876--881},
  year={2017}
%   organization={IEEE}
}

@article{teshigawara2012high,
  title={High speed and high sensitivity slip sensor for dexterous grasping},
  author={Teshigawara, Seiichi and Tsutsumi, Takahiro and Suzuki, Yosuke and Shimojo, Makoto},
  journal={Journal of Robotics and Mechatronics},
  volume={24},
  number={2},
  pages={298--310},
  year={2012}
%   publisher={Fuji Technology Press Ltd.}
}

@inproceedings{jamali2012slip,
  title={Slip prediction using hidden Markov models: Multidimensional sensor data to symbolic temporal pattern learning},
  author={Jamali, Nawid and Sammut, Claude},
  booktitle={Proceeding of the IEEE International Conference on Robotics and Automation (ICRA)},
  pages={215--222},
  year={2012}
%   organization={IEEE}
}

@inproceedings{wang2016slip,
  title={Slip detection in prosthetic hand grasping by using the discrete wavelet transform analysis},
  author={Wang, Yancheng and Xi, Kailun and Mei, Deqing},
  booktitle={Proceeding of the IEEE International Conference on Advanced Intelligent Mechatronics (AIM)},
  pages={1485--1490},
  year={2016}
%   organization={IEEE}
}

@article{matsubara2017active,
  title={Active tactile exploration with uncertainty and travel cost for fast shape estimation of unknown objects},
  author={Matsubara, Takamitsu and Shibata, Kotaro},
  journal={Robotics and Autonomous Systems},
  volume={91},
  pages={314--326},
  year={2017}
%   publisher={Elsevier}
}

@inproceedings{Learning2014yamaguchi,
  title={Learning Skills from Human Demonstrations: Initial Attempt
on a Pouring Task},
  author={Yamaguchi, Akihiko and  Atkeson, G. Christopher and  Niekum, Scott and Ogasawara,Tsukasa},
  booktitle={Proceedings of the 32nd Annual Conference of the
Robotics Society of Japan (RSJ)},
  pages={1I3-04},
  year={2014}
%   organization={IEEE}
}


@article{yamaguchi2015pouring,
  title={Pouring skills with planning and learning modeled from human demonstrations},
  author={Yamaguchi, Akihiko and Atkeson, Christopher G and Ogasawara, Tsukasa},
  journal={International Journal of Humanoid Robotics},
  volume={12},
  number={03},
  year={2015}
%   publisher={World Scientific}
}

@article{tamosiunaite2011learning,
  title={Learning to pour with a robot arm combining goal and shape learning for dynamic movement primitives},
  author={Tamosiunaite, Minija and Nemec, Bojan and Ude, Ales and Wörgötter, Florentin},
  journal={Robotics and Autonomous Systems},
  volume={59},
  number={11},
  pages={910--922},
  year={2011}
%   publisher={Elsevier}
}

@inproceedings{rozo2013force,
  title={Force-based robot learning of pouring skills using parametric hidden markov models},
  author={Rozo, Leonel and Jiménez, Pablo and Torras, Carme},
  booktitle={Proceedings of the 9th International Workshop on Robot Motion and Control (RoMoCo)},
  pages={227--232},
  year={2013}
%   organization={IEEE}
}


@inproceedings{Sugita2012pouring,
  title={Pouring Motion of LIquid with Visuak Feedback},
  author={Sugita, Yusuke and Matsuchita, Sakyo and Ozeki, Takahiro and Namiki, Akio},
  booktitle={Proceedings of the JSME Conference on Robotics and Mechatronics (ROBOMECH2012)},
  pages={2A1--F02},
  year={2012 (in Japanese)}
}


% @inproceedings{Sugita2012pouring,
%   title="視覚フィードバックを用いたロボットアームによる液体注ぎ動作の研究(ホーム&オフィスロボット)",
%   author="杉田, 裕介 and 松下, 左京 and 大関, 隆寛 and 並木, 明夫",
%   booktitle="ロボティクス・メカトロニクス講演会講演概要集",
%   pages="2A1-F02",
%   year="2012"
% }

@inproceedings{Sugita2014pouring,
  title={Behavior Pouring Liquid considering Drop Position by Robot Arm using Vision Feedback},
  author={Sugita, Yusuke and Takahashi, Humiyasu and Namiki, Akio},
  booktitle={Proceedings of the JSME Conference on Robotics and Mechatronics (ROBOMECH2014)},
  pages={1A1--N01},
  year={2014 (in Japanese)}
}

@inproceedings{Sugita2014pouring,
  title={Behavior Pouring Liquid considering Drop Position by Robot Arm using Vision Feedback},
  author={Sugita, Yusuke and Takahashi, Humiyasu and Namiki, Akio},
  booktitle={Proceedings of the JSME Conference on Robotics and Mechatronics (ROBOMECH2014)},
  pages={1A1--N01},
  year={2014 (in Japanese)}
}

@inproceedings{yamaguchi2016stereo,
  title={Stereo vision of liquid and particle flow for robot pouring},
  author={Yamaguchi, Akihiko and Atkeson, Christopher G},
  booktitle={Proceeding of the IEEE-RAS International Conference on Humanoid Robots (HUMANOIDS)},
  pages={1173--1180},
  year={2016}
%   organization={IEEE}
}

@inproceedings{khalil2010integrated,
  title={Integrated multisensory robotic hand system for deformable object manipulation},
  author={Khalil, Fouad F and Payeur, Pierre and Cretu, Ana-Maria},
  booktitle={Proceedings of the IASTED International Conference on Robotics and Applications},
  pages={159--166},
  year={2010}
%   organization={Citeseer}
}

@inproceedings{wada2001robust,
  title={Robust manipulation of deformable objects by a simple PID feedback},
  author={Wada, Takahiro and Hirai, Shinichi and Kawamura, Sadao and Kamiji, Norimasa},
  booktitle={Proceeding of the IEEE International Conference on Robotics and Automation(ICRA)},
  volume={1},
  pages={85--90},
  year={2001}
%   organization={IEEE}
}

@article{foresti2004automatic,
  title={Automatic visual recognition of deformable objects for grasping and manipulation},
  author={Foresti, Gian Luca and Pellegrino, Felice Andrea},
  journal={IEEE Transactions on Systems and Cybernetics},
  volume={34},
  number={3},
  pages={325--333},
  year={2004}
%   publisher={IEEE}
}


@inproceedings{lee2015learning,
  title={Learning force-based manipulation of deformable objects from multiple demonstrations},
  author={Lee, Alex X and Lu, Henry and Gupta, Abhishek and Levine, Sergey and Abbeel, Pieter},
  booktitle={Proceeding of the IEEE International Conference on Robotics and Automation (ICRA)},
  pages={177--184},
  year={2015}
%   organization={IEEE}
}



@inproceedings{lee2015learning,
  title={Learning from multiple demonstrations using trajectory-aware non-rigid registration with applications to deformable object manipulation.},
  author={Lee, Alex X and Gupta, Abhishek and Lu, Henry and Levine, Sergey and Abbeel, Pieter},
  booktitle={Proceeding of the IEEE/RSJ International Conference on Intelligent Robots and Systems (IROS)},
  pages={5265--5272},
  year={2015}
}

@inproceedings{chen1997touch,
  title={Touch-driven robot control using a tactile Jacobian},
  author={Chen, NN and Zhang, Hong and Rink, Raymond E},
  booktitle={Proceeding of the IEEE International Conference on Robotics and Automation (ICRA)},
  pages={1737--1742},
  year={1997}
%   organization={IEEE}
}